<record><leader>00000cas a22000007a 4500</leader><controlfield tag="001">21487819</controlfield><controlfield tag="008">900507d19uu1963mnuwr ne      0    0eng d</controlfield><datafield ind1=" " ind2=" " tag="010"><subfield code="a">sn 90060947 </subfield></datafield><datafield ind1=" " ind2=" " tag="040"><subfield code="a">MN#</subfield><subfield code="b">eng</subfield><subfield code="c">MN#</subfield><subfield code="d">OCLCQ</subfield><subfield code="d">OCLCF</subfield><subfield code="d">OCLCO</subfield></datafield><datafield ind1=" " ind2=" " tag="042"><subfield code="a">msc</subfield></datafield><datafield ind1=" " ind2=" " tag="043"><subfield code="a">n-us-mn</subfield></datafield><datafield ind1=" " ind2=" " tag="052"><subfield code="a">4144</subfield><subfield code="b">S4</subfield></datafield><datafield ind1="0" ind2=" " tag="130"><subfield code="a">St. Paul suburban life (Saint Paul, Minn. : North ed.)</subfield></datafield><datafield ind1="1" ind2="0" tag="245"><subfield code="a">St. Paul suburban life.</subfield></datafield><datafield ind1="1" ind2="3" tag="246"><subfield code="a">Suburban life</subfield></datafield><datafield ind1="3" ind2="0" tag="246"><subfield code="a">Saint Paul suburban life</subfield></datafield><datafield ind1=" " ind2=" " tag="250"><subfield code="a">North ed.</subfield></datafield><datafield ind1=" " ind2=" " tag="260"><subfield code="a">St. Paul, Minn. :</subfield><subfield code="b">North Suburban Newspapers, Inc.,</subfield><subfield code="c">-1963.</subfield></datafield><datafield ind1=" " ind2=" " tag="310"><subfield code="a">Weekly</subfield></datafield><datafield ind1="0" ind2=" " tag="362"><subfield code="a">-v. 3, no. 54 (Apr. 24, 1963).</subfield></datafield><datafield ind1=" " ind2=" " tag="530"><subfield code="a">Available on microfilm from the Minnesota Historical Society.</subfield></datafield><datafield ind1=" " ind2=" " tag="580"><subfield code="a">Merged with: Suburban press (Golden Valley, Minn.), and: Rose tribune, to form: Ramsey County suburban life (Roseville, Minn. : North ed.).</subfield></datafield><datafield ind1=" " ind2=" " tag="588"><subfield code="a">Description based on: Vol. 2, no. 3 (May 10, 1961).</subfield></datafield><datafield ind1=" " ind2="0" tag="651"><subfield code="a">Saint Paul (Minn.)</subfield><subfield code="v">Newspapers.</subfield></datafield><datafield ind1=" " ind2="7" tag="655"><subfield code="a">Newspapers.</subfield><subfield code="2">fast</subfield><subfield code="0">(OCoLC)fst01423814</subfield></datafield><datafield ind1=" " ind2="7" tag="651"><subfield code="a">Minnesota</subfield><subfield code="z">Saint Paul.</subfield><subfield code="2">fast</subfield><subfield code="0">(OCoLC)fst01212130</subfield></datafield><datafield ind1=" " ind2=" " tag="752"><subfield code="a">United States</subfield><subfield code="b">Minnesota</subfield><subfield code="c">Ramsey</subfield><subfield code="d">Saint Paul.</subfield></datafield><datafield ind1="1" ind2="7" tag="785"><subfield code="t">Suburban press (Golden Valley, Minn.)</subfield></datafield><datafield ind1="1" ind2="7" tag="785"><subfield code="t">Rose tribune</subfield><subfield code="w">(DLC)sn 90060948</subfield></datafield><datafield ind1="1" ind2="7" tag="785"><subfield code="t">Ramsey County suburban life (Roseville, Minn. : North ed.)</subfield><subfield code="w">(DLC)sn 90060926</subfield></datafield></record>